%% This BibTeX bibliography file was created using BibDesk.
%% http://bibdesk.sourceforge.net/


%% Created for Csaba at 2016-05-16 15:43:48 +0200 


%% Saved with string encoding Unicode (UTF-8) 



@article{MOR11_LinearlyParametrized_RusmevichientongTsitsiklis,
	Author = {Rusmevichientong, Paat and Tsitsiklis, John N},
	Journal = {Mathematics of Operations Research},
	Number = {2},
	Pages = {395--411},
	Publisher = {INFORMS},
	Title = {Linearly Parameterized Bandits},
	Volume = {35},
	Year = {2010}}

@article{IC2000_AppleTasting_HelmboldLittlestoneLong,
	Author = {Helmboat, D. P. and Littlestone, PN and Long, P.M.},
	Journal = {Journal of Information and Computation},
	Number = {2},
	Pages = {85--139},
	Publisher = {ELSEVIER},
	Title = {Apple Tasting},
	Volume = {161},
	Year = {2000}}

@article{AAM85_Asymptotically_LaiRobbins,
	Author = {Lai, Tze Leung and Robbins, Herbert},
	Journal = {Journal of Advances in applied mathematics},
	Number = {1},
	Pages = {4--22},
	Publisher = {Elsevier},
	Title = {Asymptotically Efficient Adaptive Allocation Rules},
	Volume = {6},
	Year = {1985}}

@inproceedings{NIPS10_ParametricBandits_FillipiCappe,
	Author = {Filippi, Sarah and Cappe, Olivier and Garivier, Aur{\'e}lien and Szepesv{\'a}ri, Csaba},
	Booktitle = {Proceeding of Advances in Neural Information Processing Systems},
	Pages = {586--594},
	Title = {Parametric bandits: The Generalized Linear Case},
	Year = {2010}}

@inproceedings{NIPS2011_ImprovedAlgorithms_AbbasiPalSzepes,
	Author = {Abbasi-Yadkori, Yasin and P{\'a}l, D{\'a}vid and Szepesv{\'a}ri, Csaba},
	Booktitle = {Proceeding of Advances in Neural Information Processing Systems (NIPS)},
	Pages = {2312--2320},
	Title = {Improved Algorithms for Linear Stochastic Bandits},
	Year = {2011}}

@inproceedings{NFDS2010_LearningMultiUser_GaiKrishnamachariJain,
	Author = {Gai, Yi and Krishnamachari, Bhaskar and Jain, Rahul},
	Booktitle = {Proceeding of Symposium on New Frontiers in Dynamic Spectrum, 2010},
	Organization = {IEEE},
	Pages = {1--9},
	Title = {Learning Multiuser Channel Allocations in Cognitive Radio Networks: A Combinatorial Multi-armed Bandit Formulation},
	Year = {2010}}

@inproceedings{AISTATS2011_ContextualBandits_ChuLiReyzinSchapire,
	Author = {Chu, Wei and Li, Lihong and Reyzin, Lev and Schapire, Robert E.},
	Booktitle = {Proceeding of International Conference on Artificial Intelligence and Statistics (AISTATS)},
	Pages = {208--214},
	Title = {Contextual Bandits with Linear Payoff Functions},
	Year = {2011}}

@book{Book_IntroductionLinear_BertsimasTsitsiklis,
	Author = {Bertsimas, Dimitris and Tsitsiklis, John N.},
	Optedition = {edition},
	Publisher = {Athena Scientific, Belmont, Massachusetts},
	Title = {Introduction to Linear Optimization},
	Year = {2008}}

@article{JMLR02_UsingConfidenceBounds_Auer,
	Author = {Auer, P.},
	Journal = {Journal of Machine Learning Research},
	Pages = {397--422},
	Title = {Using Confidence Bounds for Exploitation-Exploration Trade-offs},
	Volume = {3},
	Year = {2002}}

@article{ML02_FiniteTimeAnalysis_AuerBianchiFischer,
	Author = {Auer, P. and Nichol{\'o}-Cesa-Bianchi and Fischer, Paul},
	Journal = {Journal of Machine Learning},
	Pages = {235--256},
	Publisher = {Springer},
	Title = {Finite-Time Analysis of Multiarmed Bandit Problem trade-offs},
	Volume = {3},
	Year = {2002}}

@inproceedings{ICML15_CheapBandits_HanawalSaligramaValko,
	Author = {Hanawal, M.K. and Saligrama, V. and Valko, M. and Munos, R.},
	Booktitle = {Proceeding of International Conference on Machine Learning (ICML)(to appear)},
	Title = {Cheap Bandits},
	Year = {2015}}

@inproceedings{Sigmetrics15_StochasticBanditsWithSideObservations_BuccapatnamEriyilmazShroff,
	Author = {Buccapatnam, S. and Eryilmaz, A. and Shroff, N. B.},
	Booktitle = {Proceeding of Sigmetrics},
	Title = {Stochastic Bandits With Side Observation on Networks},
	Year = {2014}}

@book{Book_RecommenderSystem_ZankerFelferningFriedtich,
	Author = {Jannach, D. and Zanker, M. and Felfernig, A. and Friedrich, G.},
	Optedition = {edition},
	Publisher = {Cambridge University Press},
	Title = {Recommender Systems: An Introduction},
	Year = {2010}}

@inproceedings{COLT08_RegretBoundsForSleeping_KelinbergMizilSharma,
	Author = {Kleinberg, Robert D. and Niculescu-mizil, Alexandru and Sharma, Yogeshwer},
	Booktitle = {Proceedings of Conference on Learning Theory},
	Pages = {425--436},
	Title = {Regret bounds for sleeping experts and bandits},
	Year = {2008}}

@article{AMS1952_SomeAspectsOfSequenntial_Robbins,
	Author = {Robbins, Herbert},
	Journal = {Bulletin of the American Mathematics Society},
	Keywords = {bandits},
	Pages = {527--535},
	Title = {Some aspects of the sequential design of experiments},
	Volume = {58},
	Year = {1952}}

@inproceedings{ICML14_SpectralBandits_ValkoMunos,
	Author = {Valko, Michal and Munos, R\'{e}mi and Kveton, Branislav and Koc\'{a}k, Tom\'{a}\v{s}},
	Booktitle = {Proceeding of International Conference on Machine Learning (ICML)},
	Title = {Spectral Bandits for Smooth Graph Functions},
	Year = {2014}}

@inproceedings{COLT09_ForcedExplorationBased_YadkoriAntosSzepe,
	Author = {Abbasi-Yadkori, Y. and Antos, A. and Szepesv\'{a}ri, Cs.},
	Booktitle = {Proceeding COLT workshop on On-line Learning with Limited Feedback},
	Title = {Forced-exploration based algorithms for playing in stochastic linear bandits},
	Year = {2009}}

@article{Algorithmica2003_ReinforcementLearning_AbeBiermanLong,
	Author = {Abe, N. and Biermann, A. W. and Long, P. M.},
	Journal = {Algorithmica},
	Keywords = {bandits},
	Pages = {263--293},
	Title = {Reinforcement learning with immediate rewards and linear hypotheses},
	Volume = {37},
	Year = {2003}}

@inproceedings{UAI09_ExploringCompactReinforment_WalshSzitaLittman,
	Author = {Walsh, T. J. and Szita, I. and Diuk, C. and Littman, M. L.},
	Booktitle = {Proceeding of Uncertainty in Artificial Intelligence (UAI)},
	Title = {Exploring compact reinforcement-learning representations with linear regression},
	Year = {2009}}

@inproceedings{ICML99_AssociativeReinformentLearning_AbeLong,
	Author = {Abe, N. and Long, P. M.},
	Booktitle = {Proceeding of International Conference on Machine Learning (ICML)},
	Title = {Associative reinforcement learning using linear probabilistic concepts},
	Year = {1999}}

@inproceedings{COLT09_MinimacPoliciesForAdversarial_AudibertBubeck,
	Author = {Audibert, J.-Y. and Bubeck, S.},
	Booktitle = {Proceedings of the Annual Conference on Learning Theory (COLT)},
	Title = {Minimax policies for adversarial and stochastic bandits},
	Year = {2009}}

@article{AAP1995_SampleMeanBased_Agarwal,
	Author = {Agrawal, R.},
	Journal = {Advances in Applied Probability},
	Keywords = {bandits},
	Pages = {1054--1078},
	Title = {Sample mean based index policies with $O(log n)$ regret for the multi-armed bandit problem},
	Volume = {27},
	Year = {1995}}

@inproceedings{AISTATS12_BanditTheoryMeetsCS_CarpentierMunos,
	Author = {Carpentier, Alexandra and Munos, R\'{e}mi},
	Booktitle = {Proceedings of the International Conference on Artificial Intelligence and Statistics (AISTATS)},
	Title = {Bandit theory meets compressed sensing for high dimensional stochastic linear bandit},
	Year = {2012}}

@inproceedings{AISTATS12_Online-to-confidence-set_AbbasiPalSzepes,
	Author = {Abbasi-Yadkori, Y. and Pal, D. and Szepesv\'{a}ri, Cs.},
	Booktitle = {Proceedings of the International Conference on Artificial Intelligence and Statistics (AISTATS)},
	Title = {Online-to-confidence-set conversions and application to sparse stochastic bandits},
	Year = {2012}}

@book{Book_IPredictionLearningAndGames_BianchiLugosi,
	Author = {Cesa-Bianchi, Nicol\'{o} and Lugosi, G\'{a}bor},
	Optedition = {edition},
	Publisher = {Cambridge University Press, New York},
	Title = {Prediction, Learning, and Games},
	Year = {2006}}

@article{JMLR2010_RegretBoundsAndMinimax_AudibertBubeck,
	Author = {Audibert, J.-Y. and Bubeck, S.},
	Journal = {Journal of Machine Learning Research},
	Keywords = {bandits},
	Pages = {2635--2686},
	Title = {Regret bounds and minimax policies under partial monitoring},
	Volume = {11},
	Year = {2010}}

@article{Hannan1957_HannanConsistency_Hannan,
	Author = {Hanna, J.},
	Journal = {Contributions to the Theory of Games},
	Pages = {97--139},
	Title = {Approximation to Bayes risk in repeated plays},
	Volume = {3},
	Year = {1957}}

@article{TCS09_ExplorationExploitationTradeOff_AudibertMunosSzepes,
	Author = {Audibert, Jean-Yves and Munos, R\'{e}mi and Szepesv\'{a}ri, Csaba},
	Journal = {Theoretical Computer Science},
	Keywords = {bandits},
	Pages = {1876--1902},
	Title = {Exploration--exploitation tradeoff using variance estimates in multi-armed bandits},
	Volume = {410},
	Year = {2009}}

@inproceedings{COLT11_TheKL-UCBAlgorithm_GarivierCappe,
	Author = {Garivier, A. and Capp\'{e}, O.},
	Booktitle = {Proceedings of the Annual Conference on Learning Theory (COLT)},
	Title = {The KL-UCB Algorithm for Bounded Stochastic Bandits and Beyond},
	Year = {2011}}

@inproceedings{WWW10_Contextaulbandits_LiChuWei,
	Address = {NC, USA},
	Author = {Li, L. and Wei, C. and Langford, J. and Schapire, R. E.},
	Booktitle = {Proceeding of International Word Wide Web conference, WWW},
	Month = {April},
	Title = {A Contextual-Bandit Approach to Personalized News Article Recommendation},
	Year = {2010}}

@inproceedings{COLT08_StochasticLinearOptimization_DaniHayesKakad,
	Address = {Helsinki, Finland},
	Author = {Dani, V. and Hayes, T. P. and Kakade, S. M.},
	Booktitle = {Proceeding of Conference on Learning Theory, COLT},
	Month = {July},
	Title = {Stochastic Linear Optimization under Bandit Feedback},
	Year = {2008}}

@article{MOR1952_LinearlyParamterizedBandits_RusmeTsitsi,
	Author = {Rusmevichientong, P. and Tsitsiklis, J. N.},
	Journal = {INFORMS, Mathematics of Operations Research},
	Month = {May},
	Number = {2},
	Pages = {395--411},
	Title = {Linearly Parameterized Bandits},
	Volume = {35},
	Year = {2010}}

@article{SIAMR02_ANonStochasticMultiArmed_AuerBiachiFreud,
	Author = {Auer, P. and Cesa-Bianchi, N. and Robert, Y. Freund and Schapire, E.},
	Journal = {SIAM Journal on Computing},
	Title = {The Non-stochastic Multi-armed Bandit Problem},
	Volume = {32},
	Year = {2003}}

@inproceedings{COLT14_ResourcefulContextual_BandaniLangSlivk,
	Address = {Barcelona, Spain},
	Author = {Badanidiyuru, A. and Langford, J. and Slivkins, A.},
	Booktitle = {Proceeding of Conference on Learning Theory, COLT},
	Month = {July},
	Title = {Resourceful Contextual Bandits},
	Year = {2014}}

@inproceedings{NIPS13_LearningWithCostlyFeatures_ZolghadrBatokGreiner,
	Author = {Zolghadr, N. and ́ok, G. Bart\ and Greiner, R. and Gyorgy, A. and Szepesv\'ari, C.},
	Booktitle = {Proceeding of NIPS},
	Pages = {1241-1249},
	Title = {Online learning with costly features and labels},
	Year = {2013}}

@inproceedings{COLT15_OnlineLearningWithFeedback_AlonBianchiDekel,
	Author = {Alon, N. and Cesa-Biancbi, N. and Dekel, O. and Koren, T.},
	Booktitle = {Proceeding of Conference on Learning Theory},
	Pages = {23-35},
	Title = {Online learning with feedback graphs:Beyond bandits},
	Year = {2015}}

@inproceedings{NIPS13_FromBanditsToExperts_AlonBianchiGentile,
	Author = {Alon, N. and Cesa-Biancbi, N. and Gentile, C. and Mansour, Y.},
	Booktitle = {Proceeding of Conference on Neural Information Processing Systems, NIPS},
	Pages = {1610-1618},
	Title = {From bandits to experts: A tale of domination and independence},
	Year = {2013}}

@inproceedings{FOCS13_BanditsWithKnapsacks_BadanidiyuruKleinberg,
	Author = {A, Badanidiyuru and Kleinberg, R. and Slivkins, A.},
	Booktitle = {Proceeding of Conference on Foundations of Computer Science, FOCS},
	Pages = {207-216},
	Title = {Bandits with knapsacks},
	Year = {2013}}

@article{MOR14_PartialMonitoring_BartokFosterPal,
	Author = {'ok, G. Bart\ and Foster, D. and 'al, D. P\ and Rakhlin, A. and C.Szepesv\'ari},
	Journal = {Mathematics of Operations Research},
	Pages = {967-997},
	Title = {Partial monitoring - classification, regret bounds, and algorithms},
	Volume = {39},
	Year = {2014}}

@inproceedings{UAI14_ResourceAllocationSemiBandits_LattimoreCrammerCzepes,
	Author = {Lattimore, T. and Crammer, K. and \'ar, C. Szepesv},
	Booktitle = {Proceeding of Conference on Uncertainty and Artificial Intelligence, UAI},
	Pages = {477-486},
	Title = {Optimal resource allocation with semi-bandit feedback},
	Year = {2014}}

@inproceedings{NIPS11_ResourceAllocationSemiBandits_LattimoreCrammerCzepes,
	Author = {Mannor, S. and Shamir, O.},
	Booktitle = {Proceeding of Conference on Neural Information Processing System, NIPS},
	Title = {From bandits to experts: On the value of side-observations},
	Year = {2011}}

@inproceedings{ICML14_PredictionWithLimitedAdvice_LattimoreCrammerCzepes,
	Author = {Seldin, Y. and Bartlett, P. and Crammer, K. and Abbasi-Yadkori, Y.},
	Booktitle = {Proceeding of International Conference on Machine Learning, ICML},
	Pages = {208-287},
	Title = {Prediction with limited advice and multiarmed bandits with paid observations},
	Year = {2014}}

@inproceedings{AAAI12_KnaspsackBased_TranChapmanRogersJennings,
	Author = {Tran-Thanh, L. and Chapman, A.C. and Rogers, A. and Jennings, N.R},
	Booktitle = {Proceeding of AAAI Conference on Artificial Intelligence},
	Title = {Knapsack based optimal policies for budget-limited multi-armed bandits},
	Year = {2012}}

@inproceedings{AISTATS13_SupervisedSequentialLearning_TrapezSaligram,
	Author = {Trapeznikov, K. and Saligrama, V.},
	Booktitle = {Proceeding of International Conference on Artificial Intelligence and Statistics, AISTATS},
	Pages = {235-242},
	Title = {Supervised sequential classification under budget constraints},
	Year = {2013}}

@inproceedings{AISTATS12_ClassifierCascade_ChenXuWeinberger,
	Author = {Chen, M. and Xu, Z. and Weinberger, K. Q. and C, O. and Kedem, D.},
	Booktitle = {Proceeding of International Conference on Artificial Intelligence and Statistics, AISTATS},
	Title = {Classifier cascade: Tradeoffbetween accuracy and feature evaluation cost},
	Year = {2012}}

@article{ML13_MultistageClassifier_TrapezSaligramaCastanon,
	Author = {Trapeznikov, K. and Saligrama, V. and Castanon, D. A.},
	Journal = {Machine Learning Journal},
	Pages = {1-24},
	Title = {Mulit-Stage Classifier Design},
	Volume = {39},
	Year = {2014}}

@inproceedings{ICML13_CostSensitiveTreeClassification_XuKusnerChenWeinberger,
	Author = {Xu, Z. and Kusner, M. and Chen, M. and Weinberger, K. Q.},
	Booktitle = {Proceeding of International Conference on Machine Learning, ICML},
	Pages = {133-141},
	Title = {Cost-sensitive tree of classifiers},
	Year = {2013}}

@book{Book_InferenceLearning_MacKay,
	Author = {Mackay, David. J. C.},
	Date = {2003},
	Publisher = {Cambridge University Press},
	Title = {Information Theory, Inference, and Learning Algorithms}}
